@article{bizopoulos2020sparsely,
  title = {Sparsely activated networks},
  author = {Bizopoulos, Paschalis and Koutsouris, Dimitrios},
  year = {2020},
  journal = {IEEE transactions on neural networks and learning systems},
  publisher = {IEEE},
  volume = {32},
  number = {3},
  pages = {1304--1313}
}
