@inproceedings{aghasi2017net,
	author = {Aghasi, Alireza and Abdi, Afshin and Nguyen, Nam and Romberg, Justin},
	editor = {Guyon, Isabelle and von Luxburg, Ulrike and Bengio, Samy and Wallach, Hanna M. and Fergus, Rob and Vishwanathan, S. V. N. and Garnett, Roman},
	bibsource = {dblp computer science bibliography, https://dblp.org},
	biburl = {https://dblp.org/rec/conf/nips/AghasiANR17.bib},
	booktitle = {Advances in Neural Information Processing Systems 30: Annual Conference on Neural Information Processing Systems 2017, December 4-9, 2017, Long Beach, CA, USA},
	pages = {3177--3186},
	timestamp = {Thu, 21 Jan 2021 00:00:00 +0100},
	title = {Net-Trim: {Convex} Pruning of Deep Neural Networks with Performance Guarantee},
	url = {https://proceedings.neurips.cc/paper/2017/hash/3fab5890d8113d0b5a4178201dc842ad-Abstract.html},
	year = {2017},
}

@article{andrzejak2001indications,
	author = {Andrzejak, Ralph G. and Lehnertz, Klaus and Mormann, Florian and Rieke, Christoph and David, Peter and Elger, Christian E.},
	doi = {10.1103/physreve.64.061907},
	issn = {1063-651X, 1095-3787},
	journal = {Phys. Rev. E},
	number = {6},
	pages = {061907},
	publisher = {American Physical Society (APS)},
	source = {Crossref},
	title = {Indications of nonlinear deterministic and finite-dimensional structures in time series of brain electrical activity: {Dependence} on recording region and brain state},
	url = {https://doi.org/10.1103/physreve.64.061907},
	volume = {64},
	year = {2001},
	month = nov,
}

@article{bach2015pixel,
	author = {Bach, Sebastian and Binder, Alexander and Montavon, Gr\'egoire and Klauschen, Frederick and M\"uller, Klaus-Robert and Samek, Wojciech},
	doi = {10.1371/journal.pone.0130140},
	issn = {1932-6203},
	journal = {PLoS One},
	number = {7},
	pages = {e0130140},
	publisher = {Public Library of Science (PLoS)},
	source = {Crossref},
	title = {On Pixel-Wise Explanations for Non-Linear Classifier Decisions by Layer-Wise Relevance Propagation},
	url = {https://doi.org/10.1371/journal.pone.0130140},
	volume = {10},
	year = {2015},
	month = jul,
}

@article{bengio1994learning,
	author = {Bengio, Y. and Simard, P. and Frasconi, P.},
	doi = {10.1109/72.279181},
	issn = {1045-9227, 1941-0093},
	journal = {IEEE Trans. Neural Networks},
	number = {2},
	pages = {157--166},
	publisher = {Institute of Electrical and Electronics Engineers (IEEE)},
	source = {Crossref},
	title = {Learning long-term dependencies with gradient descent is difficult},
	url = {https://doi.org/10.1109/72.279181},
	volume = {5},
	year = {1994},
	month = mar,
}

@inproceedings{bengio2015towards,
	author = {Salakhutdinov, Ruslan},
	editor = {Macskassy, Sofus A. and Perlich, Claudia and Leskovec, Jure and Wang, Wei and Ghani, Rayid},
	bibsource = {dblp computer science bibliography, https://dblp.org},
	biburl = {https://dblp.org/rec/conf/kdd/Salakhutdinov14.bib},
	booktitle = {Proceedings of the 20th ACM SIGKDD international conference on Knowledge discovery and data mining},
	doi = {10.1145/2623330.2630809},
	pages = {1973},
	publisher = {ACM},
	timestamp = {Tue, 06 Nov 2018 00:00:00 +0100},
	title = {Deep learning},
	url = {https://doi.org/10.1145/2623330.2630809},
	year = {2014},
	source = {Crossref},
	month = aug,
}

@article{bizopoulos2019deep,
	author = {Bizopoulos, Paschalis and Koutsouris, Dimitrios},
	doi = {10.1109/rbme.2018.2885714},
	issn = {1937-3333, 1941-1189},
	journal = {IEEE Rev. Biomed. Eng.},
	pages = {168--193},
	publisher = {Institute of Electrical and Electronics Engineers (IEEE)},
	source = {Crossref},
	title = {Deep Learning in Cardiology},
	url = {https://doi.org/10.1109/rbme.2018.2885714},
	volume = {12},
	year = {2019},
}

@inproceedings{blier2018description,
	author = {Blier, L\'eonard and Ollivier, Yann},
	editor = {Bengio, Samy and Wallach, Hanna M. and Larochelle, Hugo and Grauman, Kristen and Cesa-Bianchi, Nicol\`o and Garnett, Roman},
	bibsource = {dblp computer science bibliography, https://dblp.org},
	biburl = {https://dblp.org/rec/conf/nips/BlierO18.bib},
	booktitle = {Advances in Neural Information Processing Systems 31: Annual Conference on Neural Information Processing Systems 2018, NeurIPS 2018, December 3-8, 2018, Montr\'eal, Canada},
	pages = {2220--2230},
	timestamp = {Thu, 21 Jan 2021 00:00:00 +0100},
	title = {The Description Length of Deep Learning models},
	url = {https://proceedings.neurips.cc/paper/2018/hash/3b712de48137572f3849aabd5666a4e3-Abstract.html},
	year = {2018},
}

@misc{burger1971rate,
	author = {Burger, T},
	doi = {10.1002/047174882x.ch10},
	pages = {301--346},
	publisher = {Wiley},
	source = {Crossref},
	title = {Rate Distortion Theory},
	url = {https://doi.org/10.1002/047174882x.ch10},
	year = {2005},
	month = apr,
}

@article{bush1996inhibition,
	author = {Bush, Paul and Sejnowski, Terrence},
	doi = {10.1007/bf00160806},
	issn = {0929-5313, 1573-6873},
	journal = {J. Comput. Neurosci.},
	number = {2},
	pages = {91--110},
	publisher = {Springer Science and Business Media LLC},
	source = {Crossref},
	title = {Inhibition synchronizes sparsely connected cortical neurons within and between columns in realistic network models},
	url = {https://doi.org/10.1007/bf00160806},
	volume = {3},
	year = {1996},
	month = jun,
}

@article{donoho2006compressed,
	author = {Donoho, D.L.},
	doi = {10.1109/tit.2006.871582},
	issn = {0018-9448},
	journal = {IEEE Trans. Inf. Theory},
	number = {4},
	pages = {1289--1306},
	publisher = {Institute of Electrical and Electronics Engineers (IEEE)},
	source = {Crossref},
	title = {Compressed sensing},
	url = {https://doi.org/10.1109/tit.2006.871582},
	volume = {52},
	year = {2006},
	month = apr,
}

@inproceedings{frankle2018lottery,
	author = {Frankle, Jonathan and Carbin, Michael},
	bibsource = {dblp computer science bibliography, https://dblp.org},
	biburl = {https://dblp.org/rec/conf/iclr/FrankleC19.bib},
	booktitle = {7th International Conference on Learning Representations, ICLR 2019, New Orleans, LA, USA, May 6-9, 2019},
	publisher = {OpenReview.net},
	timestamp = {Thu, 25 Jul 2019 01:00:00 +0200},
	title = {The Lottery Ticket Hypothesis: {Finding} Sparse, Trainable Neural Networks},
	url = {https://openreview.net/forum?id=rJl-b3RcF7},
	year = {2019},
}

@inproceedings{glorot2011deep,
	author = {Glorot, Xavier and Bordes, Antoine and Bengio, Yoshua},
	booktitle = {Proceedings of the fourteenth international conference on artificial intelligence and statistics},
	pages = {315--323},
	title = {Deep sparse rectifier neural networks},
	year = {2011},
}

@article{goldberger2000physiobank,
	author = {Goldberger, Ary L. and Amaral, Luis A. N. and Glass, Leon and Hausdorff, Jeffrey M. and Ivanov, Plamen Ch. and Mark, Roger G. and Mietus, Joseph E. and Moody, George B. and Peng, Chung-Kang and Stanley, H. Eugene},
	doi = {10.1161/01.cir.101.23.e215},
	issn = {0009-7322, 1524-4539},
	journal = {Circulation},
	number = {23},
	pages = {e215--e220},
	publisher = {Ovid Technologies (Wolters Kluwer Health)},
	source = {Crossref},
	subtitle = {Components of a New Research Resource for Complex Physiologic Signals},
	title = {{PhysioBank,} {PhysioToolkit,} and {PhysioNet}},
	url = {https://doi.org/10.1161/01.cir.101.23.e215},
	volume = {101},
	year = {2000},
	month = jun,
}

@inproceedings{goodfellow2013maxout,
	author = {Goodfellow, Ian J. and Warde-Farley, David and Mirza, Mehdi and Courville, Aaron C. and Bengio, Yoshua},
	bibsource = {dblp computer science bibliography, https://dblp.org},
	biburl = {https://dblp.org/rec/conf/icml/GoodfellowWMCB13.bib},
	booktitle = {Proceedings of the 30th International Conference on Machine Learning, ICML 2013, Atlanta, GA, USA, 16-21 June 2013},
	pages = {1319--1327},
	publisher = {JMLR.org},
	series = {JMLR Workshop and Conference Proceedings},
	timestamp = {Wed, 29 May 2019 01:00:00 +0200},
	title = {Maxout Networks},
	url = {http://proceedings.mlr.press/v28/goodfellow13.html},
	volume = {28},
	year = {2013},
}

@inproceedings{graves2013speech,
	author = {Graves, Alex and Mohamed, Abdel-rahman and Hinton, Geoffrey},
	booktitle = {2013 IEEE International Conference on Acoustics, Speech and Signal Processing},
	doi = {10.1109/icassp.2013.6638947},
	organization = {IEEE},
	pages = {6645--6649},
	publisher = {IEEE},
	source = {Crossref},
	title = {Speech recognition with deep recurrent neural networks},
	url = {https://doi.org/10.1109/icassp.2013.6638947},
	year = {2013},
	month = may,
}

@inproceedings{he2015delving,
	author = {He, Kaiming and Zhang, Xiangyu and Ren, Shaoqing and Sun, Jian},
	bibsource = {dblp computer science bibliography, https://dblp.org},
	biburl = {https://dblp.org/rec/conf/iccv/HeZRS15.bib},
	booktitle = {2015 IEEE International Conference on Computer Vision (ICCV)},
	doi = {10.1109/iccv.2015.123},
	pages = {1026--1034},
	publisher = {IEEE},
	timestamp = {Wed, 17 Apr 2019 01:00:00 +0200},
	title = {Delving Deep into Rectifiers: {Surpassing} Human-Level Performance on {ImageNet} Classification},
	url = {https://doi.org/10.1109/iccv.2015.123},
	year = {2015},
	source = {Crossref},
	month = dec,
}

@inproceedings{he2016deep,
	author = {He, Kaiming and Zhang, Xiangyu and Ren, Shaoqing and Sun, Jian},
	bibsource = {dblp computer science bibliography, https://dblp.org},
	biburl = {https://dblp.org/rec/conf/cvpr/HeZRS16.bib},
	booktitle = {2016 IEEE Conference on Computer Vision and Pattern Recognition (CVPR)},
	doi = {10.1109/cvpr.2016.90},
	pages = {770--778},
	publisher = {IEEE},
	timestamp = {Wed, 17 Apr 2019 01:00:00 +0200},
	title = {Deep Residual Learning for Image Recognition},
	url = {https://doi.org/10.1109/cvpr.2016.90},
	year = {2016},
	source = {Crossref},
	month = jun,
}

@article{heiberg2018firing,
	author = {Heiberg, Thomas and Kriener, Birgit and Tetzlaff, Tom and Einevoll, Gaute T and Plesser, Hans E},
	doi = {10.1186/1471-2202-14-s1-p317},
	issn = {1471-2202},
	journal = {Bmc Neurosci.},
	number = {S1},
	pages = {103--132},
	publisher = {Springer Science and Business Media LLC},
	source = {Crossref},
	title = {Firing-rate models for neurons with a broad repertoire of spiking behaviors},
	url = {https://doi.org/10.1186/1471-2202-14-s1-p317},
	volume = {14},
	year = {2013},
	month = jul,
}

@inproceedings{jaderberg2015spatial,
	author = {Jaderberg, Max and Simonyan, Karen and Zisserman, Andrew and Kavukcuoglu, Koray},
	editor = {Cortes, Corinna and Lawrence, Neil D. and Lee, Daniel D. and Sugiyama, Masashi and Garnett, Roman},
	bibsource = {dblp computer science bibliography, https://dblp.org},
	biburl = {https://dblp.org/rec/conf/nips/JaderbergSZK15.bib},
	booktitle = {Advances in Neural Information Processing Systems 28: Annual Conference on Neural Information Processing Systems 2015, December 7-12, 2015, Montreal, Quebec, Canada},
	pages = {2017--2025},
	timestamp = {Thu, 21 Jan 2021 00:00:00 +0100},
	title = {Spatial Transformer Networks},
	url = {https://proceedings.neurips.cc/paper/2015/hash/33ceb07bf4eeb3da587e268d663aba1a-Abstract.html},
	year = {2015},
}

@inproceedings{kim2013deep,
	author = {Kim, Yelin and Lee, Honglak and Provost, Emily Mower},
	booktitle = {2013 IEEE International Conference on Acoustics, Speech and Signal Processing},
	doi = {10.1109/icassp.2013.6638346},
	organization = {IEEE},
	pages = {3687--3691},
	publisher = {IEEE},
	source = {Crossref},
	title = {Deep learning for robust feature generation in audiovisual emotion recognition},
	url = {https://doi.org/10.1109/icassp.2013.6638346},
	year = {2013},
	month = may,
}

@inproceedings{kingma2013auto,
	author = {Kingma, Diederik P. and Welling, Max},
	editor = {Bengio, Yoshua and LeCun, Yann},
	bibsource = {dblp computer science bibliography, https://dblp.org},
	biburl = {https://dblp.org/rec/journals/corr/KingmaW13.bib},
	booktitle = {2nd International Conference on Learning Representations, ICLR 2014, Banff, AB, Canada, April 14-16, 2014, Conference Track Proceedings},
	timestamp = {Fri, 29 Mar 2019 00:00:00 +0100},
	title = {Auto-Encoding Variational Bayes},
	url = {http://arxiv.org/abs/1312.6114},
	year = {2014},
}

@inproceedings{kingma2014adam,
	author = {Kingma, Diederik P. and Ba, Jimmy},
	editor = {Bengio, Yoshua and LeCun, Yann},
	bibsource = {dblp computer science bibliography, https://dblp.org},
	biburl = {https://dblp.org/rec/journals/corr/KingmaB14.bib},
	booktitle = {3rd International Conference on Learning Representations, ICLR 2015, San Diego, CA, USA, May 7-9, 2015, Conference Track Proceedings},
	timestamp = {Thu, 25 Jul 2019 01:00:00 +0200},
	title = {Adam: {A} Method for Stochastic Optimization},
	url = {http://arxiv.org/abs/1412.6980},
	year = {2015},
}

@inproceedings{krizhevsky2012imagenet,
	author = {Krizhevsky, Alex and Sutskever, Ilya and Hinton, Geoffrey E.},
	editor = {Bartlett, Peter L. and Pereira, Fernando C. N. and Burges, Christopher J. C. and Bottou, L\'eon and Weinberger, Kilian Q.},
	bibsource = {dblp computer science bibliography, https://dblp.org},
	biburl = {https://dblp.org/rec/conf/nips/KrizhevskySH12.bib},
	booktitle = {Advances in Neural Information Processing Systems 25: 26th Annual Conference on Neural Information Processing Systems 2012. Proceedings of a meeting held December 3-6, 2012, Lake Tahoe, Nevada, United States},
	pages = {1106--1114},
	timestamp = {Thu, 21 Jan 2021 00:00:00 +0100},
	title = {{ImageNet} Classification with Deep Convolutional Neural Networks},
	url = {https://proceedings.neurips.cc/paper/2012/hash/c399862d3b9d6b76c8436e924a68c45b-Abstract.html},
	year = {2012},
}

@article{laughlin2003communication,
	author = {Laughlin, Simon B. and Sejnowski, Terrence J.},
	doi = {10.1126/science.1089662},
	issn = {0036-8075, 1095-9203},
	journal = {Science},
	number = {5641},
	pages = {1870--1874},
	publisher = {American Association for the Advancement of Science (AAAS)},
	source = {Crossref},
	title = {Communication in Neuronal Networks},
	url = {https://doi.org/10.1126/science.1089662},
	volume = {301},
	year = {2003},
	month = sep,
}

@article{lecun1998gradient,
	author = {Lecun, Y. and Bottou, L. and Bengio, Y. and Haffner, P.},
	doi = {10.1109/5.726791},
	issn = {0018-9219},
	journal = {Proc. IEEE},
	number = {11},
	pages = {2278--2324},
	publisher = {Institute of Electrical and Electronics Engineers (IEEE)},
	source = {Crossref},
	title = {Gradient-based learning applied to document recognition},
	url = {https://doi.org/10.1109/5.726791},
	volume = {86},
	year = {1998},
}

@inproceedings{lecun2015deep,
	author = {Salakhutdinov, Ruslan},
	editor = {Macskassy, Sofus A. and Perlich, Claudia and Leskovec, Jure and Wang, Wei and Ghani, Rayid},
	bibsource = {dblp computer science bibliography, https://dblp.org},
	biburl = {https://dblp.org/rec/conf/kdd/Salakhutdinov14.bib},
	booktitle = {Proceedings of the 20th ACM SIGKDD international conference on Knowledge discovery and data mining},
	doi = {10.1145/2623330.2630809},
	pages = {1973},
	publisher = {ACM},
	timestamp = {Tue, 06 Nov 2018 00:00:00 +0100},
	title = {Deep learning},
	url = {https://doi.org/10.1145/2623330.2630809},
	year = {2014},
	source = {Crossref},
	month = aug,
}

@inproceedings{lin2017runtime,
	author = {Lin, Ji and Rao, Yongming and Lu, Jiwen and Zhou, Jie},
	editor = {Guyon, Isabelle and von Luxburg, Ulrike and Bengio, Samy and Wallach, Hanna M. and Fergus, Rob and Vishwanathan, S. V. N. and Garnett, Roman},
	bibsource = {dblp computer science bibliography, https://dblp.org},
	biburl = {https://dblp.org/rec/conf/nips/LinRLZ17.bib},
	booktitle = {Advances in Neural Information Processing Systems 30: Annual Conference on Neural Information Processing Systems 2017, December 4-9, 2017, Long Beach, CA, USA},
	pages = {2181--2191},
	timestamp = {Thu, 21 Jan 2021 00:00:00 +0100},
	title = {Runtime Neural Pruning},
	url = {https://proceedings.neurips.cc/paper/2017/hash/a51fb975227d6640e4fe47854476d133-Abstract.html},
	year = {2017},
}

@inproceedings{makhzani2013k,
	author = {Makhzani, Alireza and Frey, Brendan J.},
	editor = {Bengio, Yoshua and LeCun, Yann},
	bibsource = {dblp computer science bibliography, https://dblp.org},
	biburl = {https://dblp.org/rec/journals/corr/MakhzaniF13.bib},
	booktitle = {2nd International Conference on Learning Representations, ICLR 2014, Banff, AB, Canada, April 14-16, 2014, Conference Track Proceedings},
	timestamp = {Thu, 25 Jul 2019 01:00:00 +0200},
	title = {k-Sparse Autoencoders},
	url = {http://arxiv.org/abs/1312.5663},
	year = {2014},
}

@inproceedings{nair2010rectified,
	author = {Nair, Vinod and Hinton, Geoffrey E.},
	editor = {F\"urnkranz, Johannes and Joachims, Thorsten},
	bibsource = {dblp computer science bibliography, https://dblp.org},
	biburl = {https://dblp.org/rec/conf/icml/NairH10.bib},
	booktitle = {Proceedings of the 27th International Conference on Machine Learning (ICML-10), June 21-24, 2010, Haifa, Israel},
	pages = {807--814},
	publisher = {Omnipress},
	timestamp = {Wed, 03 Apr 2019 01:00:00 +0200},
	title = {Rectified Linear Units Improve Restricted {Boltzmann} Machines},
	url = {https://icml.cc/Conferences/2010/papers/432.pdf},
	year = {2010},
}

@article{ng2011sparse,
	author = {Ng, Andrew and others},
	journal = {CS294A Lecture notes},
	number = {2011},
	pages = {1--19},
	publisher = {Stanford University},
	title = {Sparse autoencoder},
	volume = {72},
	year = {2011},
}

@article{olshausen1996emergence,
	author = {Olshausen, Bruno A. and Field, David J.},
	doi = {10.1038/381607a0},
	issn = {0028-0836, 1476-4687},
	journal = {Nature},
	number = {6583},
	pages = {607--609},
	publisher = {Springer Science and Business Media LLC},
	source = {Crossref},
	title = {Emergence of simple-cell receptive field properties by learning a sparse code for natural images},
	url = {https://doi.org/10.1038/381607a0},
	volume = {381},
	year = {1996},
	month = jun,
}

@article{paszke2017automatic,
	author = {Li, Shen and Zhao, Yanli and Varma, Rohan and Salpekar, Omkar and Noordhuis, Pieter and Li, Teng and Paszke, Adam and Smith, Jeff and Vaughan, Brian and Damania, Pritam and Chintala, Soumith},
	doi = {10.14778/3415478.3415530},
	issn = {2150-8097},
	journal = {Proceedings of the VLDB Endowment},
	number = {12},
	pages = {3005--3018},
	publisher = {VLDB Endowment},
	source = {Crossref},
	subtitle = {experiences on accelerating data parallel training},
	title = {{PyTorch} distributed},
	url = {https://doi.org/10.14778/3415478.3415530},
	volume = {13},
	year = {2020},
	month = aug,
}

@article{rehn2007network,
	author = {Rehn, Martin and Sommer, Friedrich T.},
	doi = {10.1007/s10827-006-0003-9},
	issn = {0929-5313, 1573-6873},
	journal = {J. Comput. Neurosci.},
	number = {2},
	pages = {135--146},
	publisher = {Springer Science and Business Media LLC},
	source = {Crossref},
	title = {A network that uses few active neurones to code visual input predicts the diverse shapes of cortical receptive fields},
	url = {https://doi.org/10.1007/s10827-006-0003-9},
	volume = {22},
	year = {2006},
	month = oct,
}

@inproceedings{ribeiro2016should,
	author = {Ribeiro, Marco Tulio and Singh, Sameer and Guestrin, Carlos},
	editor = {Krishnapuram, Balaji and Shah, Mohak and Smola, Alexander J. and Aggarwal, Charu C. and Shen, Dou and Rastogi, Rajeev},
	bibsource = {dblp computer science bibliography, https://dblp.org},
	biburl = {https://dblp.org/rec/conf/kdd/Ribeiro0G16.bib},
	booktitle = {Proceedings of the 22nd ACM SIGKDD International Conference on Knowledge Discovery and Data Mining},
	doi = {10.1145/2939672.2939778},
	pages = {1135--1144},
	publisher = {ACM},
	timestamp = {Fri, 25 Dec 2020 00:00:00 +0100},
	title = {{''Why} Should I Trust You?''},
	url = {https://doi.org/10.1145/2939672.2939778},
	year = {2016},
	source = {Crossref},
	subtitle = {Explaining the Predictions of Any Classifier},
	month = aug,
}

@article{rumelhart1986learning,
	author = {Rumelhart, David E. and Hinton, Geoffrey E. and Williams, Ronald J.},
	doi = {10.1038/323533a0},
	issn = {0028-0836, 1476-4687},
	journal = {Nature},
	number = {6088},
	pages = {533--536},
	publisher = {Springer Science and Business Media LLC},
	source = {Crossref},
	title = {Learning representations by back-propagating errors},
	url = {https://doi.org/10.1038/323533a0},
	volume = {323},
	year = {1986},
	month = oct,
}

@article{simonyan2013deep,
	author = {Simonyan, Karen and Vedaldi, Andrea and Zisserman, Andrew},
	journal = {ArXiv preprint},
	title = {Deep inside convolutional networks: {Visualising} image classification models and saliency maps},
	url = {https://arxiv.org/abs/1312.6034},
	volume = {abs/1312.6034},
	year = {2013},
}

@inproceedings{simonyan2014very,
	author = {Simonyan, Karen and Zisserman, Andrew},
	editor = {Bengio, Yoshua and LeCun, Yann},
	bibsource = {dblp computer science bibliography, https://dblp.org},
	biburl = {https://dblp.org/rec/journals/corr/SimonyanZ14a.bib},
	booktitle = {3rd International Conference on Learning Representations, ICLR 2015, San Diego, CA, USA, May 7-9, 2015, Conference Track Proceedings},
	timestamp = {Fri, 29 Mar 2019 00:00:00 +0100},
	title = {Very Deep Convolutional Networks for Large-Scale Image Recognition},
	url = {http://arxiv.org/abs/1409.1556},
	year = {2015},
}

@article{soklakov2002occam,
	author = {Soklakov, Andrei N.},
	doi = {10.1023/a:1020994407185},
	issn = {0894-9875},
	journal = {Found. Phys. Lett.},
	number = {2},
	pages = {107--135},
	publisher = {Springer Science and Business Media LLC},
	source = {Crossref},
	title = {Occam{\textquoteright}s razor as a formal basis for a physical theory},
	url = {https://doi.org/10.1023/a:1020994407185},
	volume = {15},
	year = {2002},
}

@article{solomonoff1964formal,
	author = {Solomonoff, R.J.},
	doi = {10.1016/s0019-9958(64)90223-2},
	issn = {0019-9958},
	journal = {Inform. Control},
	number = {1},
	pages = {1--22},
	publisher = {Elsevier BV},
	source = {Crossref},
	title = {A formal theory of inductive inference. Part I},
	url = {https://doi.org/10.1016/s0019-9958(64)90223-2},
	volume = {7},
	year = {1964},
	month = mar,
}

@article{srivastava2014dropout,
	author = {Srivastava, Nitish and Hinton, Geoffrey and Krizhevsky, Alex and Sutskever, Ilya and Salakhutdinov, Ruslan},
	journal = {The journal of machine learning research},
	number = {1},
	pages = {1929--1958},
	publisher = {JMLR. org},
	title = {Dropout: {A} simple way to prevent neural networks from overfitting},
	volume = {15},
	year = {2014},
}

@inproceedings{szegedy2016rethinking,
	author = {Szegedy, Christian and Vanhoucke, Vincent and Ioffe, Sergey and Shlens, Jon and Wojna, Zbigniew},
	bibsource = {dblp computer science bibliography, https://dblp.org},
	biburl = {https://dblp.org/rec/conf/cvpr/SzegedyVISW16.bib},
	booktitle = {2016 IEEE Conference on Computer Vision and Pattern Recognition (CVPR)},
	doi = {10.1109/cvpr.2016.308},
	pages = {2818--2826},
	publisher = {IEEE},
	timestamp = {Sun, 25 Oct 2020 01:00:00 +0200},
	title = {Rethinking the Inception Architecture for Computer Vision},
	url = {https://doi.org/10.1109/cvpr.2016.308},
	year = {2016},
	source = {Crossref},
	month = jun,
}

@article{xiao2017fashion,
	author = {Xiao, Han and Rasul, Kashif and Vollgraf, Roland},
	journal = {ArXiv preprint},
	title = {Fashion-mnist: {A} novel image dataset for benchmarking machine learning algorithms},
	url = {https://arxiv.org/abs/1708.07747},
	volume = {abs/1708.07747},
	year = {2017},
}

@inproceedings{zeiler2014visualizing,
	author = {Zeiler, Matthew D and Fergus, Rob},
	booktitle = {European conference on computer vision},
	organization = {Springer},
	pages = {818--833},
	title = {Visualizing and understanding convolutional networks},
	year = {2014},
}

@article{zhang2016understanding,
	author = {Zhang, Chiyuan and Bengio, Samy and Hardt, Moritz and Recht, Benjamin and Vinyals, Oriol},
	doi = {10.1145/3446776},
	issn = {0001-0782, 1557-7317},
	journal = {Commun. ACM},
	number = {3},
	pages = {107--115},
	publisher = {Association for Computing Machinery (ACM)},
	source = {Crossref},
	title = {Understanding deep learning (still) requires rethinking generalization},
	url = {https://doi.org/10.1145/3446776},
	volume = {64},
	year = {2021},
	month = mar,
}

@article{zhang2017ecg,
	author = {Zhang, Bo and Zhao, Jiasheng and Chen, Xiao and Wu, Jianhuang},
	doi = {10.1371/journal.pone.0182500},
	issn = {1932-6203},
	journal = {PLoS One},
	number = {10},
	pages = {e0182500},
	publisher = {Public Library of Science (PLoS)},
	source = {Crossref},
	title = {{ECG} data compression using a neural network model based on multi-objective optimization},
	url = {https://doi.org/10.1371/journal.pone.0182500},
	volume = {12},
	year = {2017},
	month = oct,
}
