@inproceedings{aghasi2017net,
 author = {Alireza Aghasi and
Afshin Abdi and
Nam Nguyen and
Justin Romberg},
 bibsource = {dblp computer science bibliography, https://dblp.org},
 biburl = {https://dblp.org/rec/conf/nips/AghasiANR17.bib},
 booktitle = {Advances in Neural Information Processing Systems 30: Annual Conference
on Neural Information Processing Systems 2017, December 4-9, 2017,
Long Beach, CA, {USA}},
 editor = {Isabelle Guyon and
Ulrike von Luxburg and
Samy Bengio and
Hanna M. Wallach and
Rob Fergus and
S. V. N. Vishwanathan and
Roman Garnett},
 pages = {3177--3186},
 timestamp = {Thu, 21 Jan 2021 00:00:00 +0100},
 title = {Net-Trim: Convex Pruning of Deep Neural Networks with Performance
Guarantee},
 year = {2017}
}

@article{andrzejak2001indications,
 author = {Andrzejak, Ralph G. and Lehnertz, Klaus and Mormann, Florian and Rieke, Christoph and David, Peter and Elger, Christian E.},
 doi = {10.1103/physreve.64.061907},
 issn = {1063-651X, 1095-3787},
 journal = {Phys. Rev. E},
 number = {6},
 pages = {061907},
 publisher = {American Physical Society (APS)},
 source = {Crossref},
 title = {Indications of nonlinear deterministic and finite-dimensional structures in time series of brain electrical activity: {Dependence} on recording region and brain state},
 volume = {64},
 year = {2001}
}

@article{bach2015pixel,
 author = {Bach, Sebastian and Binder, Alexander and Montavon, Gr\'egoire and Klauschen, Frederick and M\"uller, Klaus-Robert and Samek, Wojciech},
 doi = {10.1371/journal.pone.0130140},
 issn = {1932-6203},
 journal = {PLoS One},
 number = {7},
 pages = {e0130140},
 publisher = {Public Library of Science (PLoS)},
 source = {Crossref},
 title = {On Pixel-Wise Explanations for Non-Linear Classifier Decisions by Layer-Wise Relevance Propagation},
 volume = {10},
 year = {2015}
}

@article{bengio1994learning,
 author = {Bengio, Y. and Simard, P. and Frasconi, P.},
 doi = {10.1109/72.279181},
 issn = {1045-9227, 1941-0093},
 journal = {IEEE Trans. Neural Networks},
 number = {2},
 pages = {157--166},
 publisher = {Institute of Electrical and Electronics Engineers (IEEE)},
 source = {Crossref},
 title = {Learning long-term dependencies with gradient descent is difficult},
 volume = {5},
 year = {1994}
}

@inproceedings{bengio2015towards,
 author = {Ruslan Salakhutdinov},
 bibsource = {dblp computer science bibliography, https://dblp.org},
 biburl = {https://dblp.org/rec/conf/kdd/Salakhutdinov14.bib},
 booktitle = {The 20th {ACM} {SIGKDD} International Conference on Knowledge Discovery
and Data Mining, {KDD} '14, New York, NY, {USA} - August 24 - 27,
2014},
 doi = {10.1145/2623330.2630809},
 editor = {Sofus A. Macskassy and
Claudia Perlich and
Jure Leskovec and
Wei Wang and
Rayid Ghani},
 pages = {1973},
 publisher = {{ACM}},
 timestamp = {Tue, 06 Nov 2018 00:00:00 +0100},
 title = {Deep learning},
 year = {2014}
}

@article{bizopoulos2019deep,
 author = {Bizopoulos, Paschalis and Koutsouris, Dimitrios},
 doi = {10.1109/rbme.2018.2885714},
 issn = {1937-3333, 1941-1189},
 journal = {IEEE Rev. Biomed. Eng.},
 pages = {168--193},
 publisher = {Institute of Electrical and Electronics Engineers (IEEE)},
 source = {Crossref},
 title = {Deep Learning in Cardiology},
 volume = {12},
 year = {2019}
}

@inproceedings{blier2018description,
 author = {L{\'{e}}onard Blier and
Yann Ollivier},
 bibsource = {dblp computer science bibliography, https://dblp.org},
 biburl = {https://dblp.org/rec/conf/nips/BlierO18.bib},
 booktitle = {Advances in Neural Information Processing Systems 31: Annual Conference
on Neural Information Processing Systems 2018, NeurIPS 2018, December
3-8, 2018, Montr{\'{e}}al, Canada},
 editor = {Samy Bengio and
Hanna M. Wallach and
Hugo Larochelle and
Kristen Grauman and
Nicol{\`{o}} Cesa{-}Bianchi and
Roman Garnett},
 pages = {2220--2230},
 timestamp = {Thu, 21 Jan 2021 00:00:00 +0100},
 title = {The Description Length of Deep Learning models},
 year = {2018}
}

@misc{burger1971rate,
 author = {Burger, T},
 doi = {10.1002/047174882x.ch10},
 pages = {301--346},
 publisher = {Wiley},
 source = {Crossref},
 title = {Rate Distortion Theory},
 year = {2005}
}

@article{bush1996inhibition,
 author = {Bush, Paul and Sejnowski, Terrence},
 doi = {10.1007/bf00160806},
 issn = {0929-5313, 1573-6873},
 journal = {J. Comput. Neurosci.},
 number = {2},
 pages = {91--110},
 publisher = {Springer Science and Business Media LLC},
 source = {Crossref},
 title = {Inhibition synchronizes sparsely connected cortical neurons within and between columns in realistic network models},
 volume = {3},
 year = {1996}
}

@article{donoho2006compressed,
 author = {Donoho, D.L.},
 doi = {10.1109/tit.2006.871582},
 issn = {0018-9448},
 journal = {IEEE Trans. Inf. Theory},
 number = {4},
 pages = {1289--1306},
 publisher = {Institute of Electrical and Electronics Engineers (IEEE)},
 source = {Crossref},
 title = {Compressed sensing},
 volume = {52},
 year = {2006}
}

@inproceedings{frankle2018lottery,
 author = {Jonathan Frankle and
Michael Carbin},
 bibsource = {dblp computer science bibliography, https://dblp.org},
 biburl = {https://dblp.org/rec/conf/iclr/FrankleC19.bib},
 booktitle = {7th International Conference on Learning Representations, {ICLR} 2019,
New Orleans, LA, USA, May 6-9, 2019},
 publisher = {OpenReview.net},
 timestamp = {Thu, 25 Jul 2019 01:00:00 +0200},
 title = {The Lottery Ticket Hypothesis: Finding Sparse, Trainable Neural Networks},
 year = {2019}
}

@inproceedings{glorot2011deep,
 author = {Glorot, Xavier and Bordes, Antoine and Bengio, Yoshua},
 booktitle = {Proceedings of the fourteenth international conference on artificial intelligence and statistics},
 pages = {315--323},
 title = {Deep sparse rectifier neural networks},
 year = {2011}
}

@article{goldberger2000physiobank,
 author = {Goldberger, Ary L. and Amaral, Luis A. N. and Glass, Leon and Hausdorff, Jeffrey M. and Ivanov, Plamen Ch. and Mark, Roger G. and Mietus, Joseph E. and Moody, George B. and Peng, Chung-Kang and Stanley, H. Eugene},
 doi = {10.1161/01.cir.101.23.e215},
 issn = {0009-7322, 1524-4539},
 journal = {Circulation},
 number = {23},
 pages = {e215--e220},
 publisher = {Ovid Technologies (Wolters Kluwer Health)},
 source = {Crossref},
 subtitle = {Components of a New Research Resource for Complex Physiologic Signals},
 title = {{PhysioBank,} {PhysioToolkit,} and {PhysioNet}},
 volume = {101},
 year = {2000}
}

@inproceedings{goodfellow2013maxout,
 author = {Ian J. Goodfellow and
David Warde{-}Farley and
Mehdi Mirza and
Aaron C. Courville and
Yoshua Bengio},
 bibsource = {dblp computer science bibliography, https://dblp.org},
 biburl = {https://dblp.org/rec/conf/icml/GoodfellowWMCB13.bib},
 booktitle = {Proceedings of the 30th International Conference on Machine Learning,
{ICML} 2013, Atlanta, GA, USA, 16-21 June 2013},
 pages = {1319--1327},
 publisher = {JMLR.org},
 series = {{JMLR} Workshop and Conference Proceedings},
 timestamp = {Wed, 29 May 2019 01:00:00 +0200},
 title = {Maxout Networks},
 volume = {28},
 year = {2013}
}

@inproceedings{graves2013speech,
 author = {Graves, Alex and Mohamed, Abdel-rahman and Hinton, Geoffrey},
 booktitle = {2013 IEEE International Conference on Acoustics, Speech and Signal Processing},
 doi = {10.1109/icassp.2013.6638947},
 organization = {IEEE},
 pages = {6645--6649},
 publisher = {IEEE},
 source = {Crossref},
 title = {Speech recognition with deep recurrent neural networks},
 year = {2013}
}

@inproceedings{he2015delving,
 author = {Kaiming He and
Xiangyu Zhang and
Shaoqing Ren and
Jian Sun},
 bibsource = {dblp computer science bibliography, https://dblp.org},
 biburl = {https://dblp.org/rec/conf/iccv/HeZRS15.bib},
 booktitle = {2015 {IEEE} International Conference on Computer Vision, {ICCV} 2015,
Santiago, Chile, December 7-13, 2015},
 doi = {10.1109/ICCV.2015.123},
 pages = {1026--1034},
 publisher = {{IEEE} Computer Society},
 timestamp = {Wed, 17 Apr 2019 01:00:00 +0200},
 title = {Delving Deep into Rectifiers: Surpassing Human-Level Performance on
ImageNet Classification},
 year = {2015}
}

@inproceedings{he2016deep,
 author = {Kaiming He and
Xiangyu Zhang and
Shaoqing Ren and
Jian Sun},
 bibsource = {dblp computer science bibliography, https://dblp.org},
 biburl = {https://dblp.org/rec/conf/cvpr/HeZRS16.bib},
 booktitle = {2016 {IEEE} Conference on Computer Vision and Pattern Recognition,
{CVPR} 2016, Las Vegas, NV, USA, June 27-30, 2016},
 doi = {10.1109/CVPR.2016.90},
 pages = {770--778},
 publisher = {{IEEE} Computer Society},
 timestamp = {Wed, 17 Apr 2019 01:00:00 +0200},
 title = {Deep Residual Learning for Image Recognition},
 year = {2016}
}

@article{heiberg2018firing,
 author = {Heiberg, Thomas and Kriener, Birgit and Tetzlaff, Tom and Einevoll, Gaute T and Plesser, Hans E},
 doi = {10.1186/1471-2202-14-s1-p317},
 issn = {1471-2202},
 journal = {Bmc Neurosci.},
 number = {S1},
 pages = {103--132},
 publisher = {Springer Science and Business Media LLC},
 source = {Crossref},
 title = {Firing-rate models for neurons with a broad repertoire of spiking behaviors},
 volume = {14},
 year = {2013}
}

@inproceedings{jaderberg2015spatial,
 author = {Max Jaderberg and
Karen Simonyan and
Andrew Zisserman and
Koray Kavukcuoglu},
 bibsource = {dblp computer science bibliography, https://dblp.org},
 biburl = {https://dblp.org/rec/conf/nips/JaderbergSZK15.bib},
 booktitle = {Advances in Neural Information Processing Systems 28: Annual Conference
on Neural Information Processing Systems 2015, December 7-12, 2015,
Montreal, Quebec, Canada},
 editor = {Corinna Cortes and
Neil D. Lawrence and
Daniel D. Lee and
Masashi Sugiyama and
Roman Garnett},
 pages = {2017--2025},
 timestamp = {Thu, 21 Jan 2021 00:00:00 +0100},
 title = {Spatial Transformer Networks},
 year = {2015}
}

@inproceedings{kim2013deep,
 author = {Kim, Yelin and Lee, Honglak and Provost, Emily Mower},
 booktitle = {2013 IEEE International Conference on Acoustics, Speech and Signal Processing},
 doi = {10.1109/icassp.2013.6638346},
 organization = {IEEE},
 pages = {3687--3691},
 publisher = {IEEE},
 source = {Crossref},
 title = {Deep learning for robust feature generation in audiovisual emotion recognition},
 year = {2013}
}

@inproceedings{kingma2013auto,
 author = {Diederik P. Kingma and
Max Welling},
 bibsource = {dblp computer science bibliography, https://dblp.org},
 biburl = {https://dblp.org/rec/journals/corr/KingmaW13.bib},
 booktitle = {2nd International Conference on Learning Representations, {ICLR} 2014,
Banff, AB, Canada, April 14-16, 2014, Conference Track Proceedings},
 editor = {Yoshua Bengio and
Yann LeCun},
 timestamp = {Fri, 29 Mar 2019 00:00:00 +0100},
 title = {Auto-Encoding Variational Bayes},
 year = {2014}
}

@inproceedings{kingma2014adam,
 author = {Diederik P. Kingma and
Jimmy Ba},
 bibsource = {dblp computer science bibliography, https://dblp.org},
 biburl = {https://dblp.org/rec/journals/corr/KingmaB14.bib},
 booktitle = {3rd International Conference on Learning Representations, {ICLR} 2015,
San Diego, CA, USA, May 7-9, 2015, Conference Track Proceedings},
 editor = {Yoshua Bengio and
Yann LeCun},
 timestamp = {Thu, 25 Jul 2019 01:00:00 +0200},
 title = {Adam: {A} Method for Stochastic Optimization},
 year = {2015}
}

@inproceedings{krizhevsky2012imagenet,
 author = {Alex Krizhevsky and
Ilya Sutskever and
Geoffrey E. Hinton},
 bibsource = {dblp computer science bibliography, https://dblp.org},
 biburl = {https://dblp.org/rec/conf/nips/KrizhevskySH12.bib},
 booktitle = {Advances in Neural Information Processing Systems 25: 26th Annual
Conference on Neural Information Processing Systems 2012. Proceedings
of a meeting held December 3-6, 2012, Lake Tahoe, Nevada, United States},
 editor = {Peter L. Bartlett and
Fernando C. N. Pereira and
Christopher J. C. Burges and
L{\'{e}}on Bottou and
Kilian Q. Weinberger},
 pages = {1106--1114},
 timestamp = {Thu, 21 Jan 2021 00:00:00 +0100},
 title = {ImageNet Classification with Deep Convolutional Neural Networks},
 year = {2012}
}

@article{laughlin2003communication,
 author = {Laughlin, Simon B. and Sejnowski, Terrence J.},
 doi = {10.1126/science.1089662},
 issn = {0036-8075, 1095-9203},
 journal = {Science},
 number = {5641},
 pages = {1870--1874},
 publisher = {American Association for the Advancement of Science (AAAS)},
 source = {Crossref},
 title = {Communication in Neuronal Networks},
 volume = {301},
 year = {2003}
}

@article{lecun1998gradient,
 author = {Lecun, Y. and Bottou, L. and Bengio, Y. and Haffner, P.},
 doi = {10.1109/5.726791},
 issn = {0018-9219},
 journal = {Proc. IEEE},
 number = {11},
 pages = {2278--2324},
 publisher = {Institute of Electrical and Electronics Engineers (IEEE)},
 source = {Crossref},
 title = {Gradient-based learning applied to document recognition},
 volume = {86},
 year = {1998}
}

@inproceedings{lecun2015deep,
 author = {Ruslan Salakhutdinov},
 bibsource = {dblp computer science bibliography, https://dblp.org},
 biburl = {https://dblp.org/rec/conf/kdd/Salakhutdinov14.bib},
 booktitle = {The 20th {ACM} {SIGKDD} International Conference on Knowledge Discovery
and Data Mining, {KDD} '14, New York, NY, {USA} - August 24 - 27,
2014},
 doi = {10.1145/2623330.2630809},
 editor = {Sofus A. Macskassy and
Claudia Perlich and
Jure Leskovec and
Wei Wang and
Rayid Ghani},
 pages = {1973},
 publisher = {{ACM}},
 timestamp = {Tue, 06 Nov 2018 00:00:00 +0100},
 title = {Deep learning},
 year = {2014}
}

@inproceedings{lin2017runtime,
 author = {Ji Lin and
Yongming Rao and
Jiwen Lu and
Jie Zhou},
 bibsource = {dblp computer science bibliography, https://dblp.org},
 biburl = {https://dblp.org/rec/conf/nips/LinRLZ17.bib},
 booktitle = {Advances in Neural Information Processing Systems 30: Annual Conference
on Neural Information Processing Systems 2017, December 4-9, 2017,
Long Beach, CA, {USA}},
 editor = {Isabelle Guyon and
Ulrike von Luxburg and
Samy Bengio and
Hanna M. Wallach and
Rob Fergus and
S. V. N. Vishwanathan and
Roman Garnett},
 pages = {2181--2191},
 timestamp = {Thu, 21 Jan 2021 00:00:00 +0100},
 title = {Runtime Neural Pruning},
 year = {2017}
}

@inproceedings{makhzani2013k,
 author = {Alireza Makhzani and
Brendan J. Frey},
 bibsource = {dblp computer science bibliography, https://dblp.org},
 biburl = {https://dblp.org/rec/journals/corr/MakhzaniF13.bib},
 booktitle = {2nd International Conference on Learning Representations, {ICLR} 2014,
Banff, AB, Canada, April 14-16, 2014, Conference Track Proceedings},
 editor = {Yoshua Bengio and
Yann LeCun},
 timestamp = {Thu, 25 Jul 2019 01:00:00 +0200},
 title = {k-Sparse Autoencoders},
 year = {2014}
}

@inproceedings{nair2010rectified,
 author = {Vinod Nair and
Geoffrey E. Hinton},
 bibsource = {dblp computer science bibliography, https://dblp.org},
 biburl = {https://dblp.org/rec/conf/icml/NairH10.bib},
 booktitle = {Proceedings of the 27th International Conference on Machine Learning
(ICML-10), June 21-24, 2010, Haifa, Israel},
 editor = {Johannes F{\"{u}}rnkranz and
Thorsten Joachims},
 pages = {807--814},
 publisher = {Omnipress},
 timestamp = {Wed, 03 Apr 2019 01:00:00 +0200},
 title = {Rectified Linear Units Improve Restricted Boltzmann Machines},
 year = {2010}
}

@article{ng2011sparse,
 author = {Ng, Andrew and others},
 journal = {CS294A Lecture notes},
 number = {2011},
 pages = {1--19},
 publisher = {Stanford University},
 title = {Sparse autoencoder},
 volume = {72},
 year = {2011}
}

@article{olshausen1996emergence,
 author = {Olshausen, Bruno A. and Field, David J.},
 doi = {10.1038/381607a0},
 issn = {0028-0836, 1476-4687},
 journal = {Nature},
 number = {6583},
 pages = {607--609},
 publisher = {Springer Science and Business Media LLC},
 source = {Crossref},
 title = {Emergence of simple-cell receptive field properties by learning a sparse code for natural images},
 volume = {381},
 year = {1996}
}

@article{paszke2017automatic,
 author = {Li, Shen and Zhao, Yanli and Varma, Rohan and Salpekar, Omkar and Noordhuis, Pieter and Li, Teng and Paszke, Adam and Smith, Jeff and Vaughan, Brian and Damania, Pritam and Chintala, Soumith},
 doi = {10.14778/3415478.3415530},
 issn = {2150-8097},
 journal = {Proceedings of the VLDB Endowment},
 number = {12},
 pages = {3005--3018},
 publisher = {VLDB Endowment},
 source = {Crossref},
 subtitle = {experiences on accelerating data parallel training},
 title = {{PyTorch} distributed},
 volume = {13},
 year = {2020}
}

@article{rehn2007network,
 author = {Rehn, Martin and Sommer, Friedrich T.},
 doi = {10.1007/s10827-006-0003-9},
 issn = {0929-5313, 1573-6873},
 journal = {J. Comput. Neurosci.},
 number = {2},
 pages = {135--146},
 publisher = {Springer Science and Business Media LLC},
 source = {Crossref},
 title = {A network that uses few active neurones to code visual input predicts the diverse shapes of cortical receptive fields},
 volume = {22},
 year = {2006}
}

@inproceedings{ribeiro2016should,
 author = {Ribeiro, Marco Tulio and Singh, Sameer and Guestrin, Carlos},
 bibsource = {dblp computer science bibliography, https://dblp.org},
 biburl = {https://dblp.org/rec/conf/kdd/Ribeiro0G16.bib},
 booktitle = {Proceedings of the 22nd ACM SIGKDD International Conference on Knowledge Discovery and Data Mining},
 doi = {10.1145/2939672.2939778},
 editor = {Krishnapuram, Balaji and Shah, Mohak and Smola, Alexander J. and Aggarwal, Charu C. and Shen, Dou and Rastogi, Rajeev},
 pages = {1135--1144},
 publisher = {ACM},
 source = {Crossref},
 subtitle = {Explaining the Predictions of Any Classifier},
 timestamp = {Fri, 25 Dec 2020 00:00:00 +0100},
 title = {{''Why} Should I Trust You?''},
 year = {2016}
}

@article{rumelhart1986learning,
 author = {Rumelhart, David E. and Hinton, Geoffrey E. and Williams, Ronald J.},
 doi = {10.1038/323533a0},
 issn = {0028-0836, 1476-4687},
 journal = {Nature},
 number = {6088},
 pages = {533--536},
 publisher = {Springer Science and Business Media LLC},
 source = {Crossref},
 title = {Learning representations by back-propagating errors},
 volume = {323},
 year = {1986}
}

@article{simonyan2013deep,
 author = {Simonyan, Karen and Vedaldi, Andrea and Zisserman, Andrew},
 journal = {ArXiv preprint},
 title = {Deep inside convolutional networks: {Visualising} image classification models and saliency maps},
 volume = {abs/1312.6034},
 year = {2013}
}

@inproceedings{simonyan2014very,
 author = {Karen Simonyan and
Andrew Zisserman},
 bibsource = {dblp computer science bibliography, https://dblp.org},
 biburl = {https://dblp.org/rec/journals/corr/SimonyanZ14a.bib},
 booktitle = {3rd International Conference on Learning Representations, {ICLR} 2015,
San Diego, CA, USA, May 7-9, 2015, Conference Track Proceedings},
 editor = {Yoshua Bengio and
Yann LeCun},
 timestamp = {Fri, 29 Mar 2019 00:00:00 +0100},
 title = {Very Deep Convolutional Networks for Large-Scale Image Recognition},
 year = {2015}
}

@article{soklakov2002occam,
 author = {Soklakov, Andrei N.},
 doi = {10.1023/a:1020994407185},
 issn = {0894-9875},
 journal = {Found. Phys. Lett.},
 number = {2},
 pages = {107--135},
 publisher = {Springer Science and Business Media LLC},
 source = {Crossref},
 title = {Occam{\textquoteright}s razor as a formal basis for a physical theory},
 volume = {15},
 year = {2002}
}

@article{solomonoff1964formal,
 author = {Solomonoff, R.J.},
 doi = {10.1016/s0019-9958(64)90223-2},
 issn = {0019-9958},
 journal = {Inform. Control},
 number = {1},
 pages = {1--22},
 publisher = {Elsevier BV},
 source = {Crossref},
 title = {A formal theory of inductive inference. Part I},
 volume = {7},
 year = {1964}
}

@article{srivastava2014dropout,
 author = {Srivastava, Nitish and Hinton, Geoffrey and Krizhevsky, Alex and Sutskever, Ilya and Salakhutdinov, Ruslan},
 journal = {The journal of machine learning research},
 number = {1},
 pages = {1929--1958},
 publisher = {JMLR. org},
 title = {Dropout: {A} simple way to prevent neural networks from overfitting},
 volume = {15},
 year = {2014}
}

@inproceedings{szegedy2016rethinking,
 author = {Christian Szegedy and
Vincent Vanhoucke and
Sergey Ioffe and
Jonathon Shlens and
Zbigniew Wojna},
 bibsource = {dblp computer science bibliography, https://dblp.org},
 biburl = {https://dblp.org/rec/conf/cvpr/SzegedyVISW16.bib},
 booktitle = {2016 {IEEE} Conference on Computer Vision and Pattern Recognition,
{CVPR} 2016, Las Vegas, NV, USA, June 27-30, 2016},
 doi = {10.1109/CVPR.2016.308},
 pages = {2818--2826},
 publisher = {{IEEE} Computer Society},
 timestamp = {Sun, 25 Oct 2020 01:00:00 +0200},
 title = {Rethinking the Inception Architecture for Computer Vision},
 year = {2016}
}

@article{xiao2017fashion,
 author = {Xiao, Han and Rasul, Kashif and Vollgraf, Roland},
 journal = {ArXiv preprint},
 title = {Fashion-mnist: {A} novel image dataset for benchmarking machine learning algorithms},
 volume = {abs/1708.07747},
 year = {2017}
}

@inproceedings{zeiler2014visualizing,
 author = {Zeiler, Matthew D and Fergus, Rob},
 booktitle = {European conference on computer vision},
 organization = {Springer},
 pages = {818--833},
 title = {Visualizing and understanding convolutional networks},
 year = {2014}
}

@article{zhang2016understanding,
 author = {Zhang, Chiyuan and Bengio, Samy and Hardt, Moritz and Recht, Benjamin and Vinyals, Oriol},
 doi = {10.1145/3446776},
 issn = {0001-0782, 1557-7317},
 journal = {Commun. ACM},
 number = {3},
 pages = {107--115},
 publisher = {Association for Computing Machinery (ACM)},
 source = {Crossref},
 title = {Understanding deep learning (still) requires rethinking generalization},
 volume = {64},
 year = {2021}
}

@article{zhang2017ecg,
 author = {Zhang, Bo and Zhao, Jiasheng and Chen, Xiao and Wu, Jianhuang},
 doi = {10.1371/journal.pone.0182500},
 issn = {1932-6203},
 journal = {PLoS One},
 number = {10},
 pages = {e0182500},
 publisher = {Public Library of Science (PLoS)},
 source = {Crossref},
 title = {{ECG} data compression using a neural network model based on multi-objective optimization},
 volume = {12},
 year = {2017}
}
